@article{kislitsyn1968a,
title={A finite partially ordered set and its corresponding set of permutations},
author={Kislitsyn, S S},
journal={Mathematical Notes},
volume={4},
number={5},
pages={798--801},
year={1968}}

@article{fredman1976how,
title={How good is the information theory bound in sorting},
author={Fredman, Michael L},
journal={Theoretical Computer Science},
volume={1},
number={4},
pages={355--361},
year={1976}}

@article{guo2002application,
title={Application of the concept of Entropy in the research of the sorting algorithms},
author={Guo Qing, Qi},
journal={Journal of Dalian Maritime University},
year={2002}}

@misc{mackay1,
TITLE       = {Heapsort, Quicksort, and Entropy},
ORGANIZATION = {David J. C. MacKay},
URL         = {http://www.inference.org.uk/mackay/sorting/sorting.html}
}

@misc{paul1,
TITLE       = {Sorting revisited.},
ORGANIZATION = {Paul Hsieh},
URL         = {http://www.azillionmonkeys.com/qed/sort.html}
}

@book{cormen1990introduction,
	title="Introduction to Algorithms",
	author="Thomas T. {Cormen} and Charles E. {Leiserson} and Ronald L. {Rivest}",
	notes="Sourced from Microsoft Academic - https://academic.microsoft.com/paper/2752885492",
	year="1990"
}